%LOG 2
@techreport{cantatore2011introduction,
  title={Introduction to computed tomography},
  author={Cantatore, Angela and M{\"u}ller, Pavel},
  year={2011},
  institution={DTU Mechanical Engineering}
}

%LOG 4
@inproceedings{welkenhuyzen2009industrial,
  title={Industrial computer tomography for dimensional metrology: overview of influence factors and improvement strategies},
  author={Welkenhuyzen, Frank and Kiekens, Kim and Pierlet, Mieke and Dewulf, Wim and Bleys, Philip and Kruth, Jean-Pierre and Voet, Andr{\'e}},
  booktitle={Proceedings of the 4th International Conference on Optical Measurement Techniques for Structures and Systems: Optimess2009},
  pages={401--410},
  year={2009}
}

%LOG 5
@article{bartscher2007enhancement,
  title={Enhancement and proof of accuracy of industrial computed tomography ({CT}) measurements},
  author={Bartscher, M and Hilpert, U and Goebbels, J and Weidemann, G},
  journal={CIRP Annals-Manufacturing Technology},
  volume={56},
  number={1},
  pages={495--498},
  year={2007},
  publisher={Elsevier}
}

%LOG 6
@article{compton1923quantum,
  title={A quantum theory of the scattering of X-rays by light elements},
  author={Compton, Arthur H},
  journal={Physical review},
  volume={21},
  number={5},
  pages={483},
  year={1923},
  publisher={APS}
}

%LOG 7
@article{millikan1916direct,
  title={A Direct Photoelectric Determination of {P}lanck's ``h"},
  author={Millikan, Robert Andrews},
  journal={Physical Review},
  volume={7},
  number={3},
  pages={355},
  year={1916},
  publisher={APS}
}

%LOG 8
@article{hubbell2006electron,
  title={Electron--positron pair production by photons: A historical overview},
  author={Hubbell, JH},
  journal={Radiation Physics and Chemistry},
  volume={75},
  number={6},
  pages={614--623},
  year={2006},
  publisher={Elsevier}
}

%LOG 9
@article{hounsfield1980computed,
  title={Computed medical imaging.},
  author={Hounsfield, Godfrey N},
  journal={Journal of computer assisted tomography},
  volume={4},
  number={5},
  pages={665--674},
  year={1980},
  publisher={LWW}
}

%LOG 10
@article{michael2001x,
  title={X-ray computed tomography},
  author={Michael, Greg},
  journal={Physics Education},
  volume={36},
  number={6},
  pages={442},
  year={2001},
  publisher={IOP Publishing}
}

%LOG 11
@article{brooks1976principles,
  title={Principles of computer assisted tomography ({CAT}) in radiographic and radioisotopic imaging},
  author={Brooks, Rodney A and Di Chiro, Giovanni},
  journal={Physics in medicine and biology},
  volume={21},
  number={5},
  pages={689},
  year={1976},
  publisher={IOP Publishing}
}
